<record><leader>00000cas a2200000 a 4500</leader><controlfield tag="001">11774024</controlfield><controlfield tag="008">850307d18991904ksuwr ne      0   a0eng d</controlfield><datafield ind1=" " ind2=" " tag="010"><subfield code="a">sn 85029921 </subfield></datafield><datafield ind1=" " ind2=" " tag="040"><subfield code="a">KSH</subfield><subfield code="b">eng</subfield><subfield code="c">KSH</subfield><subfield code="d">NPT</subfield><subfield code="d">OCL</subfield><subfield code="d">OCLCQ</subfield></datafield><datafield ind1=" " ind2=" " tag="042"><subfield code="a">msc</subfield></datafield><datafield ind1="0" ind2=" " tag="130"><subfield code="a">Jewell County monitor (Mankato, Kan. : 1899)</subfield></datafield><datafield ind1="1" ind2="0" tag="245"><subfield code="a">Jewell County monitor.</subfield></datafield><datafield ind1=" " ind2=" " tag="260"><subfield code="a">Mankato, Kan. :</subfield><subfield code="b">R.F. Vaughan,</subfield><subfield code="c">1899-1904.</subfield></datafield><datafield ind1=" " ind2=" " tag="300"><subfield code="a">5 v. :</subfield><subfield code="b">ill. ;</subfield><subfield code="c">49-65 cm.</subfield></datafield><datafield ind1=" " ind2=" " tag="310"><subfield code="a">Weekly,</subfield><subfield code="b">Apr. 7-May 26, 1904</subfield></datafield><datafield ind1=" " ind2=" " tag="321"><subfield code="a">Weekly,</subfield><subfield code="b">Jan. 11, 1899-Aug. 27, 1903</subfield></datafield><datafield ind1=" " ind2=" " tag="321"><subfield code="a">Semiweekly,</subfield><subfield code="b">Sept. 4, 1903-Apr. 1, 1904</subfield></datafield><datafield ind1="0" ind2=" " tag="362"><subfield code="a">Vol. 24, no. 12 (Jan. 11, 1899)-v. 28, no. 1 (Nov. 6, 1903) ; v. 24, no. 1 1/2 (Nov. 10, 1903)-v. 24, no. 30 (May 26, 1904).</subfield></datafield><datafield ind1=" " ind2=" " tag="500"><subfield code="a">Special edition called: "Daily monitor" June 1, 1903.</subfield></datafield><datafield ind1=" " ind2=" " tag="500"><subfield code="a">Published by R.C. Veatch, Dec. 4, 1902-May 26, 1904.</subfield></datafield><datafield ind1=" " ind2=" " tag="515"><subfield code="a">Numbering is irregular.</subfield></datafield><datafield ind1=" " ind2=" " tag="752"><subfield code="a">United States</subfield><subfield code="b">Kansas</subfield><subfield code="c">Jewell</subfield><subfield code="d">Mankato.</subfield></datafield><datafield ind1="0" ind2="0" tag="780"><subfield code="t">Jewell County monitor and review</subfield><subfield code="w">(DLC)sn 85029170</subfield></datafield><datafield ind1="0" ind2="0" tag="785"><subfield code="t">Jewell County advertiser</subfield><subfield code="w">(DLC)sn 85029926</subfield></datafield></record>